
@article{Capdeville2020AiG,
	title = {An introduction to the two-scale homogenization method for seismology},
	volume = {61},
	isbn = {978-0-12-821669-9},
	url = {https://linkinghub.elsevier.com/retrieve/pii/S0065268720300017},
	language = {en},
	urldate = {2021-03-04},
	journal = {Advances in {Geophysics}},
	publisher = {Elsevier},
	author = {Capdeville, Yann and Cupillard, Paul and Singh, Sneha},
	year = {2020},
	doi = {10.1016/bs.agph.2020.07.001},
	pages = {217--306},
}

@incollection{Claerbout1988S,
  title = {A Scrutiny of the Introduction},
  booktitle = {{{SEP}}-59},
  author = {Claerbout, Jon},
  year = {1988},
  pages = {287--290},
  url = {http://sep.stanford.edu/data/media/public/oldreports/oldreports/oldreports/sep59/},
  number = {59},
  series = {Stanford {{Exploration Project}}}
}


@article{Collon2017G,
	title = {Statistical metrics for the characterization of karst network geometry and topology},
	volume = {283},
	issn = {0169555X},
	url = {http://linkinghub.elsevier.com/retrieve/pii/S0169555X16307796},
	doi = {10.1016/j.geomorph.2017.01.034},
	language = {en},
	urldate = {2017-05-01},
	journal = {Geomorphology},
	author = {Collon, Pauline and Bernasconi, David and Vuilleumier, Cecile and Renard, Philippe},
	month = apr,
	year = {2017},
	pages = {122--142},
}


@article{Freeman1990FB,
	title = {Fault correlation during seismic interpretation},
	volume = {8},
	url = {http://www.earthdoc.org/publication/publicationdetails/?publication=28228},
	number = {3},
	urldate = {2016-02-05},
	journal = {First Break},
	author = {Freeman, B. and Yielding, G. and Badley, M.},
	year = {1990},
}

@article{Kolditz2012EES,
	title = {{OpenGeoSys}: an open-source initiative for numerical simulation of thermo-hydro-mechanical/chemical ({THM}/{C}) processes in porous media},
	volume = {67},
	issn = {1866-6280, 1866-6299},
	shorttitle = {{OpenGeoSys}},
	url = {http://link.springer.com/10.1007/s12665-012-1546-x},
	doi = {10.1007/s12665-012-1546-x},
	language = {en},
	number = {2},
	urldate = {2015-09-30},
	journal = {Environmental Earth Sciences},
	author = {Kolditz, O. and Bauer, S. and Bilke, L. and Böttcher, N. and Delfs, J. O. and Fischer, T. and Görke, U. J. and Kalbacher, T. and Kosakowski, G. and McDermott, C. I. and Park, C. H. and Radu, F. and Rink, K. and Shao, H. and Shao, H. B. and Sun, F. and Sun, Y. Y. and Singh, A. K. and Taron, J. and Walther, M. and Wang, W. and Watanabe, N. and Wu, Y. and Xie, M. and Xu, W. and Zehner, B.},
	month = sep,
	year = {2012},
	pages = {589--599},
}

@article{Landes1966BAAPG,
  title = {A Scrutiny of the Abstract, {II}},
  author = {Landes, Kenneth K.},
  year = {1966},
  volume = {50},
  pages = {1992},
  abstract = {The abstract is of utmost importance, for it is read by 10 to 500 times more people than hear or read the entire article. It should not be a mere recital of the subjects covered. Expressions such as 'is discussed" and "is described" should never be included! The abstract should be a condensation and concentration of the essential information in the paper},
  journal = {Bulletin of the Americal Association of Petroleum Geologists},
  doi = {10.1029/EO050i003p00074-01},
  url={http://do.not.include},
  language = {en},
  number = {9}
}

@unpublished{Lee2010,
  title = {A Guide to Writing Mathematics},
  author = {Lee, Dr Kevin P},
  year = {2010},
  address = {{Purdue University}},
  language = {en},
  type = {Lecture Notes}
}



@article{Lowman1998G,
  title = {The Abstract {{Rescrutinized}}},
  author = {Lowman, Paul},
  year = {1998},
  pages = {1063},
  doi = {10.1130/0091-7613(1988)016<1063:TAR>2.3.CO;2},
  url={http://do.not.include},
  journal = {Geology}
}


@book{Mallet2002,
  title = {Geomodeling},
  author = {Mallet, J. L.},
  year = {2002},
  publisher = {{Oxford University Press, USA}},
  isbn = {0-19-514460-0},
  series = {Applied {{Geostatistics}}}
}

@book{Mallet2014,
  title = {Elements of Mathematical Sedimentary Geology: {{The GeoChron}} Model},
  author = {Mallet, Jean-Laurent},
  year = {2014},
  publisher = {{EAGE publications}},
  isbn = {90-73834-81-3}
}

@book{Perrin2013,
  title = {Shared {Earth} {Modeling}: Knowledge Driven Solutions for Building and Managing Subsurface 3D Geological Models},
  author = {Perrin, Michel and Rainaud, Jean-Fran{\c c}ois},
  year = {2013},
  publisher = {{Editions Technip, Paris}},
  isbn = {2-7108-1002-6}
}

@book{Ringrose2015,
  title = {Reservoir Model Design},
  author = {Ringrose, Philip and Bentley, Mark},
  year = {2015},
  publisher = {{Springer, Netherlands}},
  address = {{Dordrecht}},
  doi = {10.1007/978-94-007-5497-3},
    url = {http://do.not.include},
  isbn = {978-94-007-5496-6 978-94-007-5497-3},
  language = {en}
}


@article{Wellmann2018AG,
  title = {3-{D} Structural Geological Models: Concepts, Methods, and Uncertainties},
  author = {Wellmann, Florian and Caumon, Guillaume},
  year = {2018},
  volume = {59},
  pages = {1--121},
  doi = {10.1016/bs.agph.2018.09.001},
  journal = {Advances in Geophysics},
  language = {en},
}





